@article{BB1986,
author = {Barry W. Boehm},
journal = {Special Interest Group on Software Engineering (ACM SIGSOFT)},
pages = {14--24},
title = {{A Spiral Model of Software Development and Enhancement }},
volume = {11},
year = {1986},
}

@article{JdeRobot,
author = {J.M. Cañas, A. Martí, E. Perdices, F. Rivas, and R. Calvo},
journal = {Revista Iberoamericana de Automática e Informática Industrial},
title = {{Entorno docente para la programación de la inteligencia de los robots}},
year = {2016},
number = {4},
volume = {15},
pages = {404--415},
}

@manual{jupyter,
    title     = "Proyecto {Jupyter}",
    url       = "https://jupyter-notebook.readthedocs.io/en/stable/notebook.html"
}

@manual{docker,
    title     = "Documentación {Docker}",
    url       = "https://docs.docker.com/docsarchive"
}

@manual{ros,
    title     = "Documentación {ROS}",
    url       = "http://wiki.ros.org/"
}

@inproceedings{gazebo,
  author = "Nathan Koenig and Andrew Howard",
  title = "Design and Use Paradigms for Gazebo, An Open-Source Multi-Robot Simulator",
  booktitle = "IEEE/RSJ International Conference on Intelligent Robots and Systems",
  pages = "2149-2154",
  address = "Sendai, Japan",
  month = "Sep",
  year = "2004",
}

@manual{django,
    title     = "Documentación {Django}",
    url       = "https://docs.djangoproject.com/en/1.11/"
}

@manual{opencv,
    title     = "Documentación {OpenCV}",
    url       = "https://docs.opencv.org/2.4.13.7/"
}

@misc{webtech,
   title = "Guía de {JavaScript} para {Tecnologías Web}",
   author = "W3Schools",
   howpublished = "\url{https://www.w3schools.com/js/}",
}

@misc{jupyterarch,
   title = "Arquitectura interna de {Jupyter}",
   author = "JupyterTeam",
   howpublished = "\url{https://jupyter.readthedocs.io/en/latest/architecture/how_jupyter_ipython_work.html}",
   year = "2019-10-22",
}

@misc{0mq,
   title = "{Guía del Protocolo 0MQ}",
   author = "Pieter Hintjens",
   howpublished = "\url{http://zguide.zeromq.org/page:all}",
}

@misc{restapi,
   title = "{Documentación del {REST API} de {Jupyter}}",
   author = "Zachary Sailer",
   howpublished = "\url{https://github.com/jupyter/jupyter/wiki/Jupyter-Notebook-Server-API} y \url{http://petstore.swagger.io/?url=https://raw.githubusercontent.com/jupyter/notebook/master/notebook/services/api/api.yaml}",
   year = "27 Nov 2018",
}

@misc{dockerdevelop,
   title = "{Construcción de Contenedores Docker}",
   howpublished = "\url{https://docs.docker.com/develop/}",
}

@misc{tello,
   title = "Prototipo de driver para el dron {Tello}",
   author = "SDKRobotics",
   howpublished = "\url{https://github.com/dji-sdk/Tello-Python}",
}

@misc{gztutotials,
   title = "Tutotiales de {Gazebo}",
   author = "Gazebosim.org",
   howpublished = "\url{http://gazebosim.org/tutorials}",
}

@manual{gzweb,
    title     = "Desarrollo con {GzWeb}",
    url       = "http://gazebosim.org/gzweb.html"
}

@misc{sdf,
   title = "Formato {SDF}",
   howpublished = "\url{http://sdformat.org/}",
}

@article{middleware,
author = {M. Migliavacca and S. Ceriani},
journal = {Internal Report For Advanced Methods of Information Technology for Authonomous Robotics, Politecnico di Milano},
title = {{Middleware in robotics. Advanced Methods of Information Technology for Autonomous Robotics}},
year = {2012}
}

@manual{apache,
    title     = "Documentación {Apache}",
    url       = "https://httpd.apache.org/docs/2.4/"
}

@manual{jupyterdocs,
    title     = "Documentación {Jupyter}",
    url       = "https://jupyter.org/documentation"
}
